
@article{AFM,
title = {Multiple factor analysis (AFMULT package)},
journal = {Computational Statistics \& Data Analysis},
volume = {18},
number = {1},
pages = {121-140},
year = {1994},
issn = {0167-9473},
doi = {https://doi.org/10.1016/0167-9473(94)90135-X},
url = {https://www.sciencedirect.com/science/article/pii/016794739490135X},
author = {B. Escofier and J. Pagès},
keywords = {Multiple factor analysis, Canonical analysis, Groups of variables, Factor analysis, Principal component analysis, Multiple correspondence analysis},
abstract = {Multiple Factor Analysis (MFA) studies several groups of variables (numerical and/or categorical) defined on the same set of individuals. MFA approaches this kind of data according to many points of view already used in others methods as: factor analysis in which groups of variables are weighted, canonical analysis, Procrustes analysis, STATIS, INDSCAL. In MFA, these points of view are considered in a unique framework. This paper presents the different outputs provided by MFA and an example about sensory analysis of wines.}
}
@article{Aparisi1996,
author = { F.   APARISI },
title = {Hotelling's T2 control chart with adaptive sample sizes},
journal = {International Journal of Production Research},
volume = {34},
number = {10},
pages = {2853-2862},
year  = {1996},
publisher = {Taylor & Francis},
doi = {10.1080/00207549608905062},

URL = { 
        https://doi.org/10.1080/00207549608905062
    
},
eprint = { 
        https://doi.org/10.1080/00207549608905062}}

@article{Aparisi2001,
author = { Francisco   Aparisi  and  César L.   Haro },
title = {Hotelling's T2 control chart with variable sampling intervals},
journal = {International Journal of Production Research},
volume = {39},
number = {14},
pages = {3127-3140},
year  = {2001},
publisher = {Taylor & Francis},
doi = {10.1080/00207540110054597},

URL = { 
        https://doi.org/10.1080/00207540110054597
    
},
eprint = { 
        https://doi.org/10.1080/00207540110054597
    
}}
@article{Muhammad2018,
author = {Muhammad Ahsan and Muhammad Mashuri and Heri Kuswanto and Dedy Dwi Prastyo and Hidayatul Khusna},
title = {Multivariate control chart based on PCA mix for variable and attribute quality characteristics},
journal = {Production \& Manufacturing Research},
volume = {6},
number = {1},
pages = {364-384},
year  = {2018},
publisher = {Taylor & Francis},
doi = {10.1080/21693277.2018.1517055},

URL = { 
        https://doi.org/10.1080/21693277.2018.1517055
    
},
eprint = { 
        https://doi.org/10.1080/21693277.2018.1517055
    
}}
@Article{Ahsan2020,
AUTHOR = {Ahsan, Muhammad and Mashuri, Muhammad and Wibawati and Khusna, Hidayatul and Lee, Muhammad Hisyam},
TITLE = {Multivariate Control Chart Based on Kernel PCA for Monitoring Mixed Variable and Attribute Quality Characteristics},
JOURNAL = {Symmetry},
VOLUME = {12},
YEAR = {2020},
NUMBER = {11},
ARTICLE-NUMBER = {1838},
URL = {https://www.mdpi.com/2073-8994/12/11/1838},
ISSN = {2073-8994},
ABSTRACT = {The need for a control chart that can visualize and recognize the symmetric or asymmetric pattern of the monitoring process with more than one type of quality characteristic is a necessity in the era of Industry 4.0. In the past, the control charts were only developed to monitor one kind of quality characteristic. Several control charts were created to deal with this problem. However, there are some problems and drawbacks to the conventional mixed charts. In this study, another approach is used to monitor mixed quality characteristics by applying the Kernel Principal Component Analyisis (KPCA) method. Using the Hotelling&rsquo;s T2 statistic, the kernel PCA mix chart is proposed to simultaneously monitor the variable and attribute quality characteristics. Due to its ability to estimate the asymmetric pattern of the mixed process, the kernel density estimation (KDE) used in the proposed chart has successfully estimated the control limits that produce ARL0 at about 370 for &alpha;=0.00273. Through several experiments based on the proportion of the attribute characteristics and kernel functions, the proposed chart demonstrates better performance in detecting outlier and shift in the process. When it is applied to monitor the synthetic data, the proposed chart can detect the shift accurately. Additionally, the proposed chart outperforms the performance of the conventional mixed chart based on PCA mix by producing lower false alarm with more accurate detection of out of control processes.},
DOI = {10.3390/sym12111838}
}
@article{Ahsan2021,
author = {Muhammad Ahsan and Muhammad Mashuri and Heri Kuswanto and Dedy Dwi Prastyo and Hidayatul Khusna},
title = {Outlier detection using PCA mix based T2 control chart for continuous and categorical data},
journal = {Communications in Statistics - Simulation and Computation},
volume = {50},
number = {5},
pages = {1496-1523},
year  = {2021},
publisher = {Taylor & Francis},
doi = {10.1080/03610918.2019.1586921},
URL = {https://doi.org/10.1080/03610918.2019.1586921},
eprint = {https://doi.org/10.1080/03610918.2019.1586921}}

@book{Benzecri,
author = {J.P Benzecri.},
title = {OL'analyse des correspondances. En L'Analyse des Données: Leçons sur L'analyse Factorielle et la Reconnaissance des Formes et Travaux },
year  = {1973},
ISBN = {ISBN 9782040072254},
publisher = {Paris - 1973}}

@article{Crosier1988,
 ISSN = {00401706},
 URL = {http://www.jstor.org/stable/1270083},
 abstract = {This article presents the design procedures and average run lengths for two multivariate cumulative sum (CUSUM) quality-control procedures. The first CUSUM procedure reduces each multivariate observation to a scalar and then forms a CUSUM of the scalars. The second CUSUM procedure forms a CUSUM vector directly from the observations. These two procedures are compared with each other and with the multivariate Shewhart chart. Other multivariate quality-control procedures are mentioned. Robustness, the fast initial response feature for CUSUM schemes, and combined Shewhart-CUSUM schemes are discussed.},
 author = {Ronald B. Crosier},
 journal = {Technometrics},
 number = {3},
 pages = {291--303},
 publisher = {[Taylor & Francis, Ltd., American Statistical Association, American Society for Quality]},
 title = {Multivariate Generalizations of Cumulative Sum Quality-Control Schemes},
 volume = {30},
 year = {1988}
}
@article{Faraz2006,
author = {Alireza Faraz and Ahmad Parsian},
year = {2006},
month = {10},
pages = {569-593},
title = {Hotelling’s T2 control chart with double warning lines},
volume = {47},
journal = {Statistical Papers},
doi = {10.1007/s00362-006-0307-x}
}
@article{Farokhnia,
author = {Moez Farokhnia and S. T. A. Niaki},
title = {Principal component analysis-based control charts using support vector machines for multivariate non-normal distributions},
journal = {Communications in Statistics - Simulation and Computation},
volume = {49},
number = {7},
pages = {1815-1838},
year  = {2020},
publisher = {Taylor & Francis},
doi = {10.1080/03610918.2018.1506032},

URL = { 
        https://doi.org/10.1080/03610918.2018.1506032
    
},
eprint = { 
        https://doi.org/10.1080/03610918.2018.1506032
    
}}
@book{Gifi1990,
  author={Albert Gifi},
  title={Nonlinear multivariate analysis},
  publisher={John Wiley \& Sons},
  year=1990,
  volume={14},
  ISBN={978-0-471-92620-7},
  month={January},
  keywords={},
  doi={}}
@book{Gutierrez2013,
  author={Humberto Gutiérrez and Román de la Vara Salazar},
  title={Control estadístico de la calidad y seis sigma},
  publisher={McGraw Hill Education},
  year=2013,
  volume={3},
  pages={152 – 253},
  ISBN={978-970-10-6912-7},
  month={},
  keywords={},
  doi={}}
@article{Hotelling1933,
  author={H. Hotelling},
  title={Analysis of a complex of statistical variables into principal components.},
  publisher={Warwick \& York},
  year=1933,
  volume={24},
  pages={417 – 441},
  ISBN={},
  month={},
  keywords={},
  doi={10.1037/h0071325}}
@article{Person1901,
  author={Karl Pearson},
  title={LIII.On lines and planes of closest fit to systems of points in space},
  publisher={Informa UK Limited},
  year=1901,
  volume={2},
  journal={Philosophical Magazine Series 6},
  pages={417 – 441},
  ISSN={1941-5990},
  month={},
  keywords={},
  doi={10.1080/14786440109462720}}
@article{hotelling1947,
  title={Multivariate quality control. Techniques of statistical analysis},
  author={Hotelling, Harold},
  journal={McGraw-Hill, New York},
  year={1947}
}
@article{kim2012,
  title={Data mining model-based control charts for multivariate and autocorrelated processes},
  author={Kim, Seoung Bum and Jitpitaklert, Weerawat and Park, Sun-Kyoung and Hwang, Seung-June},
  journal={Expert Systems with Applications},
  volume={39},
  number={2},
  pages={2073--2081},
  year={2012},
  publisher={Elsevier}
}
@article{lowry1992,
  title={A multivariate exponentially weighted moving average control chart},
  author={Lowry, Cynthia A and Woodall, William H and Champ, Charles W and Rigdon, Steven E},
  journal={Technometrics},
  volume={34},
  number={1},
  pages={46--53},
  year={1992},
  publisher={Taylor \& Francis}
}
@article{li2012,
  title={Directional control schemes for multivariate categorical processes},
  author={Li, Jian and Tsung, Fugee and Zou, Changliang},
  journal={Journal of Quality Technology},
  volume={44},
  number={2},
  pages={136--154},
  year={2012},
  publisher={Taylor \& Francis}
}
@article{kaiser1958,
  title={The varimax criterion for analytic rotation in factor analysis},
  author={Henry Kaiser},
  journal={Psychometrika},
  volume={23},
  number={3},
  pages={187--200},
  year={1958},
  publisher={Springer}
}
@article{liu2020,
  title={Nonparametric multivariate control chart based on density-sensitive novelty weight for non-normal processes},
  author={Liu, Yiqi and Liu, Yumin and Jung, Uk},
  journal={Quality Technology \& Quantitative Management},
  volume={17},
  number={2},
  pages={203--215},
  year={2020},
  publisher={Taylor \& Francis}
}
@article{Lopez2014,
author = {López de Ipiña, Francisco},
year = {2014},
month = {04},
pages = {},
title = {Análisis multivriante aplicado al estudio del parentesco. Representaciones HOMALS.}
}
@article{michailidis1998,
  title={The Gifi system of descriptive multivariate analysis},
  author={George Michailidis and Jan De Leeuw},
  journal={Statistical Science},
  pages={307--336},
  year={1998},
  publisher={JSTOR}
}
@book{perez2004,
  title={Técnicas de análisis multivariante de datos},
  author={César Pérez López},
  year={2004},
  publisher={Pearson Educación}
}
@phdthesis{ruiz2013,
  title={Gráficos de Control de Calidad Multivariantes con Dimension Variable},
  author={Omar Ruiz-Barzola},
  year={2013},
  school={Universitat Politécnica de Valéncia}
}
@article{shabbak2012,
  title={An improvement of the hotelling statistic in monitoring multivariate quality characteristics},
  author={Shabbak, Ashkan and Midi, Habshah},
  journal={Mathematical Problems in Engineering},
  volume={2012},
  year={2012},
  publisher={Hindawi}
}
@article{shepard1962,
  title={The analysis of proximities: multidimensional scaling with an unknown distance function. I.},
  author={Shepard, Roger N},
  journal={Psychometrika},
  volume={27},
  number={2},
  pages={125--140},
  year={1962},
  publisher={Springer}
}
@article{ch1904,
  title={General intelligence objectively determined and measured},
  author={Ch, Spearman and others},
  journal={American Journal of Psychology},
  volume={15},
  pages={201--293},
  year={1904}
}
@article{thurstone1947,
  title={Multiple-factor analysis; a development and expansion of The Vectors of Mind.},
  author={Thurstone, Louis Leon},
  year={1947},
  publisher={University of Chicago Press}
}
@article{torgerson1952,
  title={Multidimensional scaling: I. Theory and method},
  author={Torgerson, Warren S},
  journal={Psychometrika},
  volume={17},
  number={4},
  pages={401--419},
  year={1952},
  publisher={Springer}
}
@article{Tuerhong2014,
title = {Gower distance-based multivariate control charts for a mixture of continuous and categorical variables},
year = {2014},
doi = {10.1016/j.eswa.2013.08.068},
language = {English},
volume = {41},
pages = {1701--1707},
journal = {Expert Systems with Applications},
issn = {0957-4174},
publisher = {Elsevier Limited},
number = {4 PART 2}
}
@article{xue2020,
  title={A nonparametric CUSUM chart for monitoring multivariate serially correlated processes},
  author={Xue, Li and Qiu, Peihua},
  journal={Journal of Quality Technology},
  pages={1--14},
  year={2020},
  publisher={Taylor \& Francis}
}
@article{yeong2016,
  title={A control chart for the multivariate coefficient of variation},
  author={Yeong, Wai Chung and Khoo, Michael Boon Chong and Teoh, Wei Lin and Castagliola, Philippe},
  journal={Quality and Reliability Engineering International},
  volume={32},
  number={3},
  pages={1213--1225},
  year={2016},
  publisher={Wiley Online Library}
}
@article{yilmaz2020,
  title={Design of Demerit Control Charts with Fuzzy c-Means Clustering and an Application in Textile Sector},
  author={YILMAZ, H{\"u}lya and Yanik, Seda},
  journal={Textile and Apparel},
  volume={30},
  number={2},
  pages={117--125},
  year={2020}
}
@phdthesis{ramos2017,
  title={Una alternativa a los métodos clásicos de control de procesos basada en coordenadas paralelas, métodos Biplot y Statis.},
  author={M. Ramos},
  year={2017}
}
@article{holgate1964,
  title={Estimation for the bivariate Poisson distribution},
  author={Philip Holgate},
  journal={Biometrika},
  volume={51},
  number={1-2},
  pages={241--287},
  year={1964},
  publisher={Oxford University Press}
}
@article{chiu2007,
  title={Attribute control chart for multivariate Poisson distribution},
  author={Jing-Er Chiu and Tsen-I Kuo},
  journal={Communications in Statistics-Theory and Methods},
  volume={37},
  number={1},
  pages={146--158},
  year={2007},
  publisher={Taylor \& Francis}
}
@article{ho2009,
  title={Control charts for individual observations of a bivariate Poisson process},
  author={Linda Ho Lee and Antonio Fernando Branco Costa},
  journal={The International Journal of Advanced Manufacturing Technology},
  volume={43},
  number={7-8},
  pages={744--755},
  year={2009},
  publisher={Springer}
}
@article{laungrungrong2011ewma,
  title={EWMA control charts for multivariate Poisson-distributed data},
  author={Busaba Laungrungrong and Connie Borror M and Douglas C Montgomery},
  journal={International Journal of Quality Engineering and Technology},
  volume={2},
  number={3},
  pages={185--211},
  year={2011},
  publisher={Inderscience Publishers}
}
@article{epprecht2013optimal,
  title={Optimal linear combination of Poisson variables for multivariate statistical process control},
  author={Eugenio K Epprecht and Francisco Aparisi and Sandra Garc{\'\i}a-Bustos},
  journal={Computers \& operations research},
  volume={40},
  number={12},
  pages={3021--3032},
  year={2013},
  publisher={Elsevier}
}
@article{lu1998control,
  title={Control chart for multivariate attribute processes},
  author={XS Lu},
  journal={International Journal of Production Research},
  volume={36},
  number={12},
  pages={3477--3489},
  year={1998},
  publisher={Taylor \& Francis}
}
@article{ranjan2008multivariate,
  title={Multivariate attribute control chart using Mahalanobis D 2 statistic},
  author={Arup Ranjan Mukhopadhyay},
  journal={Journal of Applied Statistics},
  volume={35},
  number={4},
  pages={421--429},
  year={2008},
  publisher={Taylor \& Francis}
}
@article{taleb2006multivariate,
  title={Multivariate fuzzy multinomial control charts},
  author={Hassen Taleb and Mohamed Limam and Kaoru Hirota},
  journal={Quality Technology \& Quantitative Management},
  volume={3},
  number={4},
  pages={437--453},
  year={2006},
  publisher={Taylor \& Francis}
}
@article{pastuizaca2015multivariate,
  title={Multivariate multinomial T 2 control chart using fuzzy approach},
  author={Mar{\'\i}a Nela Pastuizaca Fern{\'a}ndez and Andr{\'e}s Carri{\'o}n Garc{\'\i}a and Omar Ruiz Barzola},
  journal={International Journal of Production Research},
  volume={53},
  number={7},
  pages={2225--2238},
  year={2015},
  publisher={Taylor \& Francis}
}
@article{taleb2009control,
  title={Control charts applications for multivariate attribute processes},
  author={Hassen Taleb},
  journal={Computers \& Industrial Engineering},
  volume={56},
  number={1},
  pages={399--410},
  year={2009},
  publisher={Elsevier}
}